@misc{etude2015,
	title        = {Research-paper recommender systems: a literature survey},
	howpublished = {\url{https://kops.uni-konstanz.de/entities/publication/861ddd16-fbc6-4ee4-a77f-6bba081041f3}},
	note         = {Accédé le [08-02-2024]},
}

@misc{TFIDFsumup,
	title        = {Intelligence artificielle: Résumer un texte grâce au TF IDF},
	howpublished = {\url{https://datascientest.com/tf-idf-intelligence-artificielle}},
	note         = {Accédé le [08-02-2024]},
}

@misc{Wordpiece,
	title        = {Japanese and Korean voice search},
	howpublished = {\url{https://static.googleusercontent.com/media/research.google.com/en//pubs/archive/37842.pdf}},
	note         = {Accédé le [14-03-2024]},
}

@misc{BPE,
	title        = {Neural Machine Translation of Rare Words with Subword Units},
	howpublished = {\url{https://aclanthology.org/P16-1162.pdf}},
	note         = {Accédé le [14-03-2024]},
}

@misc{video_embedding,
	title        = {Video (min 18) : What are Transformer Models and how do they work?},
	howpublished = {\url{https://www.youtube.com/watch?v=qaWMOYf4ri8}},
	note         = {Accédé le [14-03-2024]},
}

@misc{wordpiecehuggingface,
	title        = {WordPiece tokenization},
	howpublished = {\url{https://huggingface.co/learn/nlp-course/en/chapter6/6}},
	note         = {Accédé le [15-03-2024]},
}

@misc{word2vec,
	title        = {Word2vec},
	howpublished = {\url{https://en.wikipedia.org/wiki/Word2vec}},
	note         = {Accédé le [15-03-2024]},
}



